<record><leader>00000cas a2200000 a 4500</leader><controlfield tag="001">12929272</controlfield><controlfield tag="008">851218d18691872iaudn ne      0    0eng c</controlfield><datafield ind1=" " ind2=" " tag="010"><subfield code="a">sn 85049895 </subfield></datafield><datafield ind1=" " ind2=" " tag="040"><subfield code="a">INP</subfield><subfield code="b">eng</subfield><subfield code="c">INP</subfield><subfield code="d">DLC</subfield><subfield code="d">OCLCQ</subfield></datafield><datafield ind1=" " ind2=" " tag="042"><subfield code="a">pcc</subfield></datafield><datafield ind1=" " ind2=" " tag="043"><subfield code="a">n-us-ia</subfield></datafield><datafield ind1="0" ind2="0" tag="050"><subfield code="a">Newspaper</subfield></datafield><datafield ind1="0" ind2=" " tag="130"><subfield code="a">Daily Iowa State register (Des Moines, Iowa : 1869)</subfield></datafield><datafield ind1="1" ind2="0" tag="245"><subfield code="a">Daily Iowa State register.</subfield></datafield><datafield ind1="1" ind2="7" tag="246"><subfield code="a">Daily State register</subfield><subfield code="f">Sept. 2-3, 1869</subfield></datafield><datafield ind1=" " ind2=" " tag="260"><subfield code="a">Des Moines, Iowa :</subfield><subfield code="b">Register Print. Co.,</subfield><subfield code="c">1869-1872.</subfield></datafield><datafield ind1=" " ind2=" " tag="300"><subfield code="a">4 v. :</subfield><subfield code="b">ill. (chiefly advertisements) ;</subfield><subfield code="c">72 cm.</subfield></datafield><datafield ind1=" " ind2=" " tag="310"><subfield code="a">Daily (except Monday)</subfield></datafield><datafield ind1="0" ind2=" " tag="362"><subfield code="a">Vol. 8, no. 211 (Sept. 2, 1869)-v. 11, no. 200 (Aug. 29, 1872).</subfield></datafield><datafield ind1=" " ind2=" " tag="500"><subfield code="a">"Republican."</subfield></datafield><datafield ind1=" " ind2=" " tag="530"><subfield code="a">Also issued on microfilm from Bell &amp; Howell Co., Micro Photo Division, and the Library of Congress, Photoduplication Service.</subfield></datafield><datafield ind1=" " ind2=" " tag="752"><subfield code="a">United States</subfield><subfield code="b">Iowa</subfield><subfield code="c">Polk</subfield><subfield code="d">Des Moines.</subfield></datafield><datafield ind1="0" ind2=" " tag="775"><subfield code="t">Weekly Iowa State register</subfield><subfield code="w">(DLC)sn 82014117</subfield></datafield><datafield ind1="0" ind2="0" tag="780"><subfield code="t">Daily state register (Des Moines, Iowa : 1866)</subfield><subfield code="w">(DLC)sn 85049894</subfield></datafield><datafield ind1="0" ind2="5" tag="780"><subfield code="t">Des Moines daily bulletin</subfield><subfield code="w">(DLC)sn 85049802</subfield></datafield><datafield ind1="0" ind2="0" tag="785"><subfield code="t">Iowa daily state register</subfield><subfield code="w">(DLC)sn 82015549</subfield></datafield><datafield ind1="1" ind2=" " tag="029"><subfield code="a">AU@</subfield><subfield code="b">000025786450</subfield></datafield></record>